<?xml version="1.0" encoding="UTF-8"?><record xmlns="http://www.loc.gov/MARC21/slim" xmlns:cinclude="http://apache.org/cocoon/include/1.0" xmlns:zs="http://www.loc.gov/zing/srw/">
  <leader>00407cz  a2200145n  4500</leader>
  <controlfield tag="001">no 97072257 </controlfield>
  <controlfield tag="003">DLC</controlfield>
  <controlfield tag="005">20040728075142.0</controlfield>
  <controlfield tag="008">971216n| acannaab           |n aaa     c</controlfield>
  <datafield tag="010" ind1=" " ind2=" ">
    <subfield code="a">no 97072257 </subfield>
  </datafield>
  <datafield tag="035" ind1=" " ind2=" ">
    <subfield code="a">(OCoLC)oca04554955</subfield>
  </datafield>
  <datafield tag="040" ind1=" " ind2=" ">
    <subfield code="a">OCoLC</subfield>
    <subfield code="c">OCoLC</subfield>
    <subfield code="d">DLC</subfield>
  </datafield>
  <datafield tag="100" ind1="1" ind2=" ">
    <subfield code="a">Coleman, Cy.</subfield>
    <subfield code="t">Wildcat.</subfield>
    <subfield code="k">Selections</subfield>
  </datafield>
  <datafield tag="667" ind1=" " ind2=" ">
    <subfield code="a">Machine-derived authority record.</subfield>
  </datafield>
  <datafield tag="670" ind1=" " ind2=" ">
    <subfield code="a">LCCN 61-000290: Coleman, C. Wildcat, 1961?</subfield>
  </datafield>
</record>